@patent{samu2002database,
  title={Database system event triggers},
  author={Samu, S. and Jain, N. and Wang, W.},
  url={https://www.google.com/patents/US6405212},
  year={2002},
  month={6},
  publisher={Google Patents},
  note={US Patent 6,405,212}
}

@book{saake2011datenbanken,
  title={Datenbanken: Implementierungstechniken},
  author={Saake, Gunter and Sattler, Kai-Uwe and Heuer, Andreas},
  year={2011},
  publisher={mitp Verlags GmbH \& Co. KG}
}

@article{oracle,
  title={Oracle Database PL/SQL Language Reference, 12c Release 1 (12.1) E17622-22},
  author={Alpern, D. and Belden, E. and Agrawal, S. and Baer, H. and Castledine, S. and Chang, T. and Cheng, B. and Dani, R. and Decker, C. Iyer and Kruglikov, A. and others},
 year={2016}
}

@book{van1991facets,
  title={Facets of database triggers},
  author={Van der Voort, MH and Kersten, Martin L},
  year={1991},
  publisher={CWI, Nationaal Instituut voor Onderzoek op het gebied van Wiskunde en Informatica}
}

@article{shao2006triggers,
  title={Triggers over nested views of relational data},
  author={Shao, Feng and Novak, Antal and Shanmugasundaram, Jayavel},
  journal={ACM Transactions on Database Systems (TODS)},
  volume={31},
  number={3},
  pages={921--967},
  year={2006},
  publisher={ACM}
}

@book{ceri2000practical,
  title={Practical applications of triggers and constraints: Success and lingering issues},
  author={Ceri, Stefano and Cochrane, Roberta and Widom, Jennifer},
  booktitle={VLDB},
  pages={10--14},
  year={2000}
}

@online{MicrosoftArtikel,
  author = {{Anna Süster Volquardsen}},
  title = {Zu Besuch im Smart Workplace, der neuen Arbeitswelt von Microsoft},
  url = {https://www.dearwork.de/single-post/2016/10/21/Zu-Besuch-im-Smart-Workspace-von-Microsoft},
  urldate = {2017-05-15}
}

@online{UniversityofDelaware,
  author = {{University of Delaware}},
  title = {Introduction to Structured Query Language (SQL) – Part 1.},
  url = {http://www1.udel.edu/evelyn/SQL-Class1/SQLclass1All.html},
  urldate = {2017-01-05}
}

@book{OlearySteele,
title = {Chapter 11 - References },
booktitle = {\{SQL\} Injection Attacks and Defense},
publisher = {Syngress},
address = {Boston},
year = {2012},
pages = {485 - 533},
author = {Gary O’leary-Steele}
}

@article{schicker2000datenbanken,
  title={Datenbanken und SQL},
  author={Schicker, Edwin},
  journal={Teubner BG GmbH, Wiesbaden},
  year={2000},
  publisher={Springer}
}

@book{datenintegritaet,
Author = {Jaschke, Thomas},
ISBN = {9783954662210},
Publisher = {MWV Medizinisch Wissenschaftliche Verlagsgesellschaft mbH \& Co. KG},
Title = {Datenschutz im Gesundheitswesen : Grundlagen, Konzepte, Umsetzung.},
URL = {http://search.ebscohost.com/login.aspx?direct=true&db=nlebk&AN=1240327&lang=de&site=eds-live},
Year = {2016},
}

@online{OracleCorp,
  author = {{finanzen.net GmbH}},
  title = {Oracle Aktie},
  url = {http://www.finanzen.net/aktien/Oracle-Aktie},
  urldate = {2017-01-06}
}